@book{nowak2006evolutionary,
  title={Evolutionary dynamics: exploring the equations of life},
  author={Nowak, Martin A},
  year={2006},
  publisher={Harvard university press}
}

@inproceedings{moran1958random,
  title={Random processes in genetics},
  author={Moran, Patrick Alfred Pierce},
  booktitle={Mathematical proceedings of the cambridge philosophical society},
  volume={54},
  number={1},
  pages={60--71},
  year={1958},
  organization={Cambridge University Press}
}

@article{duret2008neutral,
  title={Neutral theory: the null hypothesis of molecular evolution},
  author={Duret, Laurent},
  journal={Nature education},
  volume={1},
  pages={803--806},
  year={2008}
}